@inproceedings{collins2002discriminative,
  title={Discriminative training methods for hidden markov models: Theory and experiments with perceptron algorithms},
  author={Collins, Michael},
  booktitle={Proceedings of the ACL-02 conference on Empirical methods in natural language processing-Volume 10},
  pages={1--8},
  year={2002},
  organization={Association for Computational Linguistics}
}

@article{miwa2010event,
  title={Event extraction with complex event classification using rich features},
  author={Miwa, Makoto and S{\ae}tre, Rune and Kim, Jin-Dong and Tsujii, Jun'ichi},
  journal={Journal of bioinformatics and computational biology},
  volume={8},
  number={01},
  pages={131--146},
  year={2010},
  publisher={World Scientific}
}

@inproceedings{riedel2011model,
  title={Model combination for event extraction in BioNLP 2011},
  author={Riedel, Sebastian and McClosky, David and Surdeanu, Mihai and McCallum, Andrew and Manning, Christopher D},
  booktitle={Proceedings of the BioNLP Shared Task 2011 Workshop},
  pages={51--55},
  year={2011},
  organization={Association for Computational Linguistics}
}

@inproceedings{mcclosky2011event,
  title={Event extraction as dependency parsing},
  author={McClosky, David and Surdeanu, Mihai and Manning, Christopher D},
  booktitle={Proceedings of the 49th Annual Meeting of the Association for Computational Linguistics: Human Language Technologies-Volume 1},
  pages={1626--1635},
  year={2011},
  organization={Association for Computational Linguistics}
}

@inproceedings{riedel2011robust,
  title={Robust biomedical event extraction with dual decomposition and minimal domain adaptation},
  author={Riedel, Sebastian and McCallum, Andrew},
  booktitle={Proceedings of the BioNLP Shared Task 2011 Workshop},
  pages={46--50},
  year={2011},
  organization={Association for Computational Linguistics}
}
